@inproceedings{Artemis1,
	author = {Artzi, Shay and Dolby, Julian and Jensen, Simon Holm and M{\o}ller, Anders and Tip, Frank},
	title = {A Framework for Automated Testing of Javascript Web Applications},
	booktitle = {Proceedings of the 33rd International Conference on Software Engineering},
	series = {ICSE '11},
	year = {2011},
	pages = {571--580}
} 
@inproceedings{EventBreak,
	author = {Pradel, Michael and Schuh, Parker and Necula, George and Sen, Koushik},
	title = {EventBreak: Analyzing the Responsiveness of User Interfaces Through Performance-guided Test Generation},
	booktitle = {Proceedings of the 2014 ACM International Conference on Object Oriented Programming Systems Languages \& Applications},
	series = {OOPSLA '14},
	year = {2014},
	pages = {33--47}
}
@inproceedings{SwiftHand,
	author = {Choi, Wontae and Necula, George and Sen, Koushik},
	title = {Guided GUI Testing of Android Apps with Minimal Restart and Approximate Learning},
	booktitle = {Proceedings of the 2013 ACM SIGPLAN International Conference on Object Oriented Programming Systems Languages \&\#38; Applications},
	series = {OOPSLA '13},
	year = {2013},
	pages = {623--640}
} 
@inproceedings{CrawlJax,
	author = {Mesbah, A and Bozdag, E and van Deursen, A},
	title = {Crawling AJAX by inferring user interface state changes},
	booktitle = {8th Int. Conf. on Web Engineering},
	series = {ICWE ’08},
	year = {2008}
} 
@inproceedings{CrawlJax,
	author = {Mesbah, A and van Deursen, A},
	title = {Invariant-based automatic testing of AJAX user interfaces},
	booktitle = {31st Int. Conf. on	Software Engineering},
	series = {ICSE ’09},
	year = {2009}
}

@Misc{MonkeyRunner,
	title =    {MonkeyRunner},
	url ={http://developer.android.com/tools/help/MonkeyRunner.html},
	year = {2015}
}
@Misc{Monkey,
	title =    {UI / Application exerciser Monkey},
	url ={http://developer.android.com/tools/help/monkey.html},
	year = {2015}
}

@incollection{state-merging-dfa,
	title={State-merging DFA induction algorithms with mandatory merge constraints},
	author={Lambeau, Bernard and Damas, Christophe and Dupont, Pierre},
	booktitle={Grammatical Inference: Algorithms and Applications},
	pages={139--153},
	year= {2008},
	publisher={Springer}
}

@online{gui-slides,
	ALTauthor = {Pradel, Michael},
	title = {GUI Testing},
	url = {https://www.sola.tu-darmstadt.de/fileadmin/user_upload/Group_SOLA/Teaching/Winter_2015/PTA/lecture06_update2.pdf},
	OPTorganization = {TU Darmstadt},
	year={2015}
}